@article{javatpoint,
    author  = "JavaTPoint",
    title   = "Graph Theory",
    journal = "JavaTPoint",
    url = "https://www.javatpoint.com/graph-theory-graph-representations"
}

@article{deepali,
    author  = "Deepali",
    title   = "Graphs in Data Structure: Types, Representation, Operations",
    year    = "2021",
    journal = "Naukri Learning",
    day  = 23,
    month  = sep,
    url = "https://www.naukri.com/learning/articles/author/deepali/"
}


@article{upgrad,
    author  = "Rohit Sharma",
    title   = "Graphs in Data Structure: Types, Storing & Traversal",
    year    = "2021",
    journal = "upGrad",
    day  = 7,
    month  = oct,
    url = "https://www.upgrad.com/blog/graphs-in-data-structure/"
}


@article{dfs,
    author  = "Programiz",
    title   = "Depth First Search",
    journal = "Programiz",
    url = "https://www.programiz.com/dsa/graph-dfs"
}

@article{bfs,
    author  = "Programiz",
    title   = "Breadth First Search",
    journal = "Programiz",
    url = "https://www.programiz.com/dsa/graph-bfs"
}

@article{aplicaciones,
    author  = "Arnab Chakraborty",
    title   = "Applications of DFS and BFS in Data Structures",
    year    = "2019",
    journal = "Tutorials Point",
    day  = 27,
    month  = aug,
    url = "https://www.tutorialspoint.com/applications-of-dfs-and-bfs-in-data-structures"
}

